<?xml version="1.0" encoding="UTF-8"?><collection xmlns="http://www.loc.gov/MARC21/slim"><record><leader>00312nam--2200121-i-4500</leader><controlfield tag="001">000049333</controlfield><controlfield tag="002">20161230</controlfield><controlfield tag="005">20161230201047</controlfield><controlfield tag="008">060222s1000------------r-----000-0-eng-d</controlfield><datafield ind1=" " ind2=" " tag="100"><subfield code="a">Aleksandrovich,E</subfield></datafield><datafield ind1=" " ind2=" " tag="245"><subfield code="a">Vtoroi god ekspluatacii reaktora vvr-s v polshe</subfield></datafield><datafield ind1=" " ind2=" " tag="260"><subfield code="a">Barshava, 1960. 20 S.+28 Ris</subfield></datafield><datafield ind1=" " ind2=" " tag="852"><subfield code="a">6959</subfield></datafield></record></collection>